<?xml version="1.0" encoding="UTF-8"?><collection xmlns="http://www.loc.gov/MARC21/slim"><record><leader>00458nam--2200145-i-4500</leader><controlfield tag="001">000043044</controlfield><controlfield tag="002">20161230</controlfield><controlfield tag="005">20161230201043</controlfield><controlfield tag="008">060222s1000------------r-----000-0-eng-d</controlfield><datafield ind1=" " ind2=" " tag="080"><subfield code="a">539.128:539.12.17(047.3)</subfield></datafield><datafield ind1=" " ind2=" " tag="245"><subfield code="a">Stoppng power of swift hydrogen and helium ions in gases</subfield></datafield><datafield ind1=" " ind2=" " tag="260"><subfield code="a">Kobenhavn, Munksgeard, 1979. 39 P</subfield></datafield><datafield ind1=" " ind2=" " tag="490"><subfield code="a">Det Kongelige Danske Videnskabernes Selsca Math.Fys.Meddeleser</subfield></datafield><datafield ind1=" " ind2=" " tag="700"><subfield code="a">F.Besenbacher, H.H.Andersen</subfield></datafield><datafield ind1=" " ind2=" " tag="852"><subfield code="a">48272</subfield></datafield></record></collection>